<record><leader>00000cas a22000007a 4500</leader><controlfield tag="001">20661255</controlfield><controlfield tag="008">891116d19111921arudn ne      0    0eng d</controlfield><datafield ind1=" " ind2=" " tag="010"><subfield code="a">sn 89051438 </subfield></datafield><datafield ind1=" " ind2=" " tag="040"><subfield code="a">ANU</subfield><subfield code="b">eng</subfield><subfield code="c">ANU</subfield><subfield code="d">OCLCQ</subfield></datafield><datafield ind1=" " ind2=" " tag="042"><subfield code="a">msc</subfield></datafield><datafield ind1="0" ind2=" " tag="130"><subfield code="a">Daily press (Paragould, Ark. : 1911)</subfield></datafield><datafield ind1="1" ind2="4" tag="245"><subfield code="a">The Daily press.</subfield></datafield><datafield ind1=" " ind2=" " tag="260"><subfield code="a">Paragould, Ark. :</subfield><subfield code="b">Griffin Smith</subfield></datafield><datafield ind1=" " ind2=" " tag="300"><subfield code="a">v.</subfield></datafield><datafield ind1=" " ind2=" " tag="310"><subfield code="a">Daily (except Sunday),</subfield><subfield code="b">May 5, 1913-Sept. 24, 1921</subfield></datafield><datafield ind1=" " ind2=" " tag="321"><subfield code="a">Daily (except Sunday),</subfield><subfield code="b">&lt;Sept. 6, 1911&gt;-Jan. 4, 1913</subfield></datafield><datafield ind1=" " ind2=" " tag="321"><subfield code="a">Daily (except Saturday),</subfield><subfield code="b">Jan. 6-May 4, 1913</subfield></datafield><datafield ind1="1" ind2=" " tag="362"><subfield code="a">Began in Sept. 1911.</subfield></datafield><datafield ind1="0" ind2=" " tag="362"><subfield code="a">-v. 12, no. 17 (Sept. 24, 1921).</subfield></datafield><datafield ind1=" " ind2=" " tag="588"><subfield code="a">Description based on: Vol. 1, no. 2 (Sept. 6, 1911).</subfield></datafield><datafield ind1=" " ind2="4" tag="651"><subfield code="a">Paragould (Ark.)</subfield><subfield code="v">Newspapers.</subfield></datafield><datafield ind1=" " ind2="4" tag="651"><subfield code="a">Greene County (Ark.)</subfield><subfield code="v">Newspapers.</subfield></datafield><datafield ind1=" " ind2=" " tag="752"><subfield code="a">United States</subfield><subfield code="b">Arkansas</subfield><subfield code="c">Greene</subfield><subfield code="d">Paragould.</subfield></datafield><datafield ind1="0" ind2=" " tag="775"><subfield code="t">Weekly soliphone (Paragould, Ark. : 1907)</subfield><subfield code="w">(DLC)sn 89051436</subfield></datafield><datafield ind1="0" ind2=" " tag="775"><subfield code="t">Paragould soliphone</subfield><subfield code="w">(DLC)sn 90050221</subfield></datafield><datafield ind1="0" ind2="0" tag="780"><subfield code="t">Daily soliphone</subfield><subfield code="w">(DLC)sn 89051437</subfield></datafield><datafield ind1="0" ind2="0" tag="785"><subfield code="t">Paragould daily press (Paragould, Ark. : 1921)</subfield><subfield code="w">(DLC)sn 90050223</subfield></datafield></record>